@book{fischer2009crafting,
  title={Crafting a compiler},
  author={Fischer, Charles N and Cytron, Ronald K and LeBlanc, Richard J},
  year={2009},
  publisher={Addison-Wesley Publishing Company}
}