@book{fischer2009crafting,
  title={Crafting a compiler},
  author={Fischer, Charles N and Cytron, Ronald K and LeBlanc, Richard J},
  year={2009},
  publisher={Addison-Wesley Publishing Company}
}

@book{gosling2000java,
  title={The Java language specification},
  author={Gosling, James},
  year={2000},
  publisher={Addison-Wesley Professional}
}

@online{joos1w,
  title ={The {J}oos Language },
  howpublished = {\url{https://www.student.cs.uwaterloo.ca/~cs444/joos.html}},
  note = {Accessed: 2016-02-03}
}

@online{jlalr1,
  title ={jlalr1},
  howpublished = {\url{https://www.student.cs.uwaterloo.ca/~cs444/jlalr/Jlalr1.java}},
  note = {Accessed: 2016-02-03}
}

